@article{leonard2018impact,
  author    = {Leonard, William P. and Mohr, Michael and RÃ¸nnestad, Bent R.},
  title     = {Impact of High-Intensity Interval Training on the Neuromuscular System},
  journal   = {Frontiers in Physiology},
  volume    = {9},
  pages     = {1367},
  year      = {2018},
  doi       = {10.3389/fphys.2018.01367},
  url       = {https://www.frontiersin.org/journals/physiology/articles/10.3389/fphys.2018.01367/full},
}